This file was created with JabRef 2.2.
Encoding: Cp1252

@BOOK{DerLaTeXBegleiter,
  title = {Der LaTeX Begleiter},
  publisher = {Pearson Studium},
  year = {2005},
  author = {Frank Mittelbach, Michael Goossens},
  isbn = {3-8273-7166-X},
  owner = {drzoom},
  timestamp = {2007.05.22}
}

@MISC{fritsch:schreiben_fuer_die_Leser,
  author = {Claudia Fritsch},
  title = {Schreiben für die Leser},
  url = {https://esb-dev.github.io/mat/Schreibmuster.pdf}
}

@BOOK{juergens:latex1,
  title = {\LaTeX -- eine Einführung und ein bisschen mehr ...},
  year = {2017},
  publisher = {FernUniversität in Hagen},
  author = {Manuela Jürgens, Thomas Feuerstack},
  note = {\\ \href{https://www.fernuni-hagen.de/imperia/md/content/zmi\_2010/a026\_latex\_einf.pdf}{www.fernuni-hagen.de/imperia/md/content/zmi\_2010/a026\_latex\_einf.pdf}},
  institution = {FernUniversität Hagen}
}

@BOOK{juergens:latex2,
  title = {\LaTeX -- Fortgeschrittene Anwendungen oder: Neues von den Hobbits},
  year = {2016},
  publisher = {FernUniversität in Hagen},
  author = {Manuela Jürgens},
  note = {\\ \href{https://www.fernuni-hagen.de/imperia/md/content/zmi\_2010/a027\_latex\_fort.pdf}{www.fernuni-hagen.de/imperia/md/content/zmi\_2010/a027\_latex\_fort.pdf}},
  institution = {FernUniversität Hagen}
}

@BOOK{kopka:band1,
  title = {\LaTeX: Band 1 - Eine Einführung},
  publisher = {Pearson Studium},
  year = {2005},
  author = {Helmut Kopka},
  isbn = {3827370388}
}

@BOOK{kopka:band2,
  title = {\LaTeX: Band 2 - Ergänzungen},
  publisher = {Pearson Studium},
  year = {2002},
  author = {Helmut Kopka},
  isbn = {3827370396}
}

@BOOK{kopka:band3,
  title = {\LaTeX: Band 3 - Erweiterungen},
  publisher = {Pearson Studium},
  year = {2002},
  author = {Helmut Kopka},
  isbn = {3827370434}
}

@BOOK{lamport:latex,
  title = {\LaTeX, A Document Preparation System, User's Guide and Reference
	Manual},
  publisher = {Addison - Wesley},
  year = {1994},
  author = {Leslie Lamport},
  isbn = {0201529831}
}

@MISC{WhatIsSpam,
  author = {Scott Hazen Mueller},
  title = {What is spam?},
  note = {\href{https://web.archive.org/web/20180403023743/http://spam.abuse.net:80/overview/whatisspam.shtml}{https://web.archive.org/web/20180403023743/http://spam.abuse.net:80/overview/whatisspam.shtml}}
}

@MISC{Kochbuch,
  author = {Markus Porto},
  title = {Kochbuch für LaTeX},
  url = {https://web.archive.org/web/20060202005639/http://www.uni-giessen.de/hrz/tex/cookbook/cookbook.html}
}

@BOOKLET{raichle:bibtex_programmierung,
  title = {Einführung in die BibTeX-Programmierung},
  author = {Bernd Raichle},
  year = {2002},
  institution = {DANTE},
  url = {https://www.sjmp.de/wp-content/uploads/2010/01/bibtexprog.pdf}
}

@MISC{TabSatz,
  author = {Axel Reichert},
  title = {Satz von {T}abellen},
  note = {\\ \href{https://www.ctan.org/tex-archive/info/german/tabsatz/}{https://www.ctan.org/tex-archive/info/german/tabsatz/}}
}

@MISC{MiKTeX,
  author = {Christian Schenk},
  title = {{MiKTeX Project Page}},
  note = {\href{https://miktex.org/}{https://miktex.org/}}
}

@BOOK{schneider:deutsch_fuers_leben,
  title = {Deutsch fürs Leben - Was die Schule zu lehren vergaß},
  publisher = {Rowohlt Taschenbuch Verlag GmbH},
  year = {2002},
  author = {Wolf Schneider},
  month = {Februar},
  isbn = {3-499-19695-6}
}

@MISC{TeXnicCenter,
  author = {Sven Wiegand},
  title = {{TeXnicCenter}},
  url = {\href{https://www.TeXnicCenter.org/}{https://www.TeXnicCenter.org/}}
}

@MISC{ANSI,
  title = {{American National Standards Institute}},
  note = {\href{https://www.ansi.org/}{https://www.ansi.org/}},
  key = {ANSI}
}

@MISC{ISO,
  title = {{International Organization for Standardization}},
  note = {\href{http://www.iso.ch/}{http://www.iso.ch/}},
  key = {ISO}
}

@MISC{KOMA,
  title = {{\KOMAScript{} documentation project}},
  note = {\href{https://komascript.de}{https://komascript.de}},
  key = {KOMA}
}

@MISC{NoGIF,
  title = {{GNU Webseite zum Thema GIF Dateien}},
  note = {\\ \href{https://www.gnu.org/philosophy/gif.de.html}{https://www.gnu.org/philosophy/gif.de.html}},
  key = {NoGIF}
}

@MISC{GPL,
  title = {{GNU} general public license},
  month = {jun},
  year = {1991},
  note = {\href{https://www.gnu.org/licenses/gpl.txt}{https://www.gnu.org/licenses/gpl.txt}},
  key = {GPL},
  organization = {Free Software Foundation, Inc.}
}

